@book{
	cyberlenin1,
	author="С.Н. Амиров",
	title="Особенности разработки высоконагруженных систем",
	publisher="International Journal of Open Information Technologies",
	year=2020,
	pages=9
}

@book{
	cyberlenin2,
	author="A. Alakeel",
	title="Load Balancing in Distributed Computer Systems",
	publisher="International Journal of Computer Science and Information Security,",
	year=2010,
	pages=7
}

@book{
	greedyalg,
	author="S. Chowdhury",
	title="The Greedy Load Sharing Algorithms",
	publisher="Distributed Comput.",
	year=1990,
	pages=93-99
}

@book{
	burns,
	author="B. Burns",
	title="Designing Distributed Systems: Patterns and Paradigms
	for Scalable, Reliable Services",
	publisher="O’Reilly Media, Inc.,",
	year=2018,
	pages=164
}

@book{
	kleppman,
	author="M. Kleppmann",
	title="Designing Data-Intensive Applications",
	publisher="Edition. Sebastopol: O’Reilly Media",
	year=2017,
	pages=640
}

@book{
	intro,
	author="G. Casale",
	title="Dice: quality-
	driven development of data-intensive cloud applications.",
	publisher="Proceedings of the Seventh International Workshop on Modeling in Software Engineering. IEEE Press",
	year=2015,
	pages=78-83
}

@book{
	henderson,
	author="S. Henderson",
	title="Building Scalable Web Sites",
	publisher="Edition, Sebastopol, O’Reilly Media, Inc,",
	year=2006
}

@misc{bunin1,
	title="Блог Highload Junior",
	howpublished="Режим доступа: \url{https://highload.guide/blog/highload-for-beginners.html}",
	note="Дата обращения: 10.12.2020"
}

@misc{caching,
	title="Caching in distributed systems",
	howpublished="Режим доступа: \url{https://docs.microsoft.com/en-us/azure/architecture/best-practices/caching}",
	note="Дата обращения: 10.12.2020"
}